<?xml version="1.0" encoding="UTF-8"?><collection xmlns="http://www.loc.gov/MARC21/slim"><record><leader>00395nam--2200121-i-4500</leader><controlfield tag="001">000028885</controlfield><controlfield tag="002">20161230</controlfield><controlfield tag="005">20161230201037</controlfield><controlfield tag="008">060222s1000------------r-----000-0-eng-d</controlfield><datafield ind1=" " ind2=" " tag="080"><subfield code="a">539.16</subfield></datafield><datafield ind1=" " ind2=" " tag="245"><subfield code="a">Essai d`etude de la structure de 12c utilisant les desintegrations globales 12c(p, p`)3</subfield></datafield><datafield ind1=" " ind2=" " tag="260"><subfield code="a">Strasbourg, Faculte Des Sciences, Laboratoire De Physique Corpusculaire, 1958. 3p</subfield></datafield><datafield ind1=" " ind2=" " tag="852"><subfield code="a">6287</subfield></datafield></record></collection>